<record><leader>00000cas a22000007a 4500</leader><controlfield tag="001">38845949</controlfield><controlfield tag="008">980325d1977197uvauwr ne      0    0eng d</controlfield><datafield ind1=" " ind2=" " tag="010"><subfield code="a">sn 98068338 </subfield></datafield><datafield ind1=" " ind2=" " tag="040"><subfield code="a">NVK</subfield><subfield code="b">eng</subfield><subfield code="c">NVK</subfield><subfield code="d">OCLCQ</subfield><subfield code="d">OCLCF</subfield><subfield code="d">OCLCO</subfield></datafield><datafield ind1="1" ind2=" " tag="029"><subfield code="a">AU@</subfield><subfield code="b">000013904156</subfield></datafield><datafield ind1=" " ind2=" " tag="042"><subfield code="a">msc</subfield></datafield><datafield ind1="0" ind2=" " tag="130"><subfield code="a">Journal weekly (Radford, Va.)</subfield></datafield><datafield ind1="0" ind2="4" tag="245"><subfield code="a">The Journal weekly.</subfield></datafield><datafield ind1=" " ind2=" " tag="260"><subfield code="a">Radford, Va. :</subfield><subfield code="b">New River Newspapers,</subfield><subfield code="c">1977-</subfield></datafield><datafield ind1=" " ind2=" " tag="300"><subfield code="a">v.</subfield></datafield><datafield ind1=" " ind2=" " tag="310"><subfield code="a">Weekly</subfield></datafield><datafield ind1="0" ind2=" " tag="362"><subfield code="a">Vol. 1, no. 1 (Oct. 6, 1977)-</subfield></datafield><datafield ind1=" " ind2="0" tag="651"><subfield code="a">Radford (Va.)</subfield><subfield code="v">Newspapers.</subfield></datafield><datafield ind1=" " ind2="7" tag="655"><subfield code="a">Newspapers.</subfield><subfield code="2">fast</subfield><subfield code="0">(OCoLC)fst01423814</subfield></datafield><datafield ind1=" " ind2="7" tag="651"><subfield code="a">Virginia</subfield><subfield code="z">Radford.</subfield><subfield code="2">fast</subfield><subfield code="0">(OCoLC)fst01203003</subfield></datafield><datafield ind1=" " ind2=" " tag="752"><subfield code="a">United States</subfield><subfield code="b">Virginia</subfield><subfield code="d">Radford.</subfield></datafield><datafield ind1="0" ind2=" " tag="775"><subfield code="t">News journal (Radford, Va. : 1954)</subfield><subfield code="w">(DLC)sn 98068334</subfield></datafield></record>